@Book{lamport:86,
  author =    {Leslie Lamport},
  title =        {\LaTeX: A document preparation system},
  publisher =    {Addision-Wesley},
  year =         1986
}

@PhdThesis{sai:16,
  author =       {Sai Praneeth Reddy K},
  title =        {\LaTeX\ class for dissertations submitted to {IIT-D}},
  school =       {Department of Computer Science and Engineering, IIT-Delhi},
  year =         2016,
  address =      {New Delhi -- 110016},
  month =        {July}
}

@InProceedings{viz:mayavi,
  author =       {Prabhu Ramachandran},
  title =        {{MayaVi}: A free tool for {CFD} data visualization},
  booktitle =    {4th Annual CFD Symposium},
  year =         2001,
  month =        {August},
  organization = {Aeronautical Society of India},
  note =         {Software available at: {http://mayavi.sf.net}}
}

@Article{pan:pr:flat-fst,
  author =       {Prabhu Ramachandran and S. C. Rajan and M. Ramakrishna},
  title =        {A fast, two-dimensional panel method},
  journal =      {SIAM Journal on Scientific Computing},
  year =         2003,
  volume =       24,
  number =       6,
  pages =        {1864--1878}
}

@Misc{py:python,
  author =    {Guido van Rossum and others},
  title =     {The {Python} programming language},
  year =         {1991--},
  url = {http://www.python.org/}
}

%%%%%%%%%%%%%%%%%%%%%%%%%%%%%%%%%%%%%%%%%%%%%%%%%%%%%%%%%%%%
% OpenIE Systems
%%%%%%%%%%%%%%%%%%%%%%%%%%%%%%%%%%%%%%%%%%%%%%%%%%%%%%%%%%%%
% TextRunner
@inproceedings{Textrunner,
  author    = {Michele Banko and
               Michael J. Cafarella and
               Stephen Soderland and
               Matthew Broadhead and
               Oren Etzioni},
  title     = {Open Information Extraction from the Web},
  booktitle = {{IJCAI} 2007, Proceedings of the 20th International Joint Conference
               on Artificial Intelligence, Hyderabad, India, January 6-12, 2007},
  pages     = {2670--2676},
  year      = {2007}
}

% ReVerb
@inproceedings{ReVerb1,
 author = {Fader, Anthony and Soderland, Stephen and Etzioni, Oren},
 title = {Identifying Relations for Open Information Extraction},
 booktitle = {Proceedings of the Conference on Empirical Methods in Natural Language Processing},
 series = {EMNLP '11},
 year = {2011},
 isbn = {978-1-937284-11-4},
 location = {Edinburgh, United Kingdom},
 pages = {1535--1545},
 numpages = {11},
 url = {http://dl.acm.org/citation.cfm?id=2145432.2145596},
 acmid = {2145596},
 publisher = {Association for Computational Linguistics},
 address = {Stroudsburg, PA, USA},
} 

@inproceedings{ReVerb2,
 author = {Etzioni, Oren and Fader, Anthony and Christensen, Janara and Soderland, Stephen and Mausam},
 title = {Open Information Extraction: The Second Generation},
 booktitle = {Proceedings of the Twenty-Second International Joint Conference on Artificial Intelligence - Volume Volume One},
 series = {IJCAI'11},
 year = {2011},
 isbn = {978-1-57735-513-7},
 location = {Barcelona, Catalonia, Spain},
 pages = {3--10},
 numpages = {8},
 url = {http://dx.doi.org/10.5591/978-1-57735-516-8/IJCAI11-012},
 doi = {10.5591/978-1-57735-516-8/IJCAI11-012},
 acmid = {2283398},
 publisher = {AAAI Press},
} 

% OllIE
@inproceedings{Ollie,
 author = {Mausam and Schmitz, Michael and Bart, Robert and Soderland, Stephen and Etzioni, Oren},
 title = {Open Language Learning for Information Extraction},
 booktitle = {Proceedings of the 2012 Joint Conference on Empirical Methods in Natural Language Processing and Computational Natural Language Learning},
 series = {EMNLP-CoNLL '12},
 year = {2012},
 location = {Jeju Island, Korea},
 pages = {523--534},
 numpages = {12},
 url = {http://dl.acm.org/citation.cfm?id=2390948.2391009},
 acmid = {2391009},
 publisher = {Association for Computational Linguistics},
 address = {Stroudsburg, PA, USA},
} 

% ClausIE
@inproceedings{Clausie,
 author = {Del Corro, Luciano and Gemulla, Rainer},
 title = {ClausIE: Clause-based Open Information Extraction},
 booktitle = {Proceedings of the 22Nd International Conference on World Wide Web},
 series = {WWW '13},
 year = {2013},
 isbn = {978-1-4503-2035-1},
 location = {Rio de Janeiro, Brazil},
 pages = {355--366},
 numpages = {12},
 url = {http://doi.acm.org/10.1145/2488388.2488420},
 doi = {10.1145/2488388.2488420},
 acmid = {2488420},
 publisher = {ACM},
 address = {New York, NY, USA},
 keywords = {open information extraction, relation extraction},
} 

% PropS
@article{PropS,
  author    = {Gabriel Stanovsky and
               Jessica Ficler and
               Ido Dagan and
               Yoav Goldberg},
  title     = {Getting More Out Of Syntax with PropS},
  journal   = {CoRR},
  volume    = {abs/1603.01648},
  year      = {2016},
  url       = {http://arxiv.org/abs/1603.01648}
}

% OpenIE-4
@inproceedings{Openie-4a,
  author    = {Janara Christensen and
               Mausam and
               Stephen Soderland and
               Oren Etzioni},
  title     = {An analysis of open information extraction based on semantic role
               labeling},
  booktitle = {Proceedings of the 6th International Conference on Knowledge Capture
               {(K-CAP} 2011), June 26-29, 2011, Banff, Alberta, Canada},
  pages     = {113--120},
  year      = {2011}
}

@inproceedings{Openie-4b,
    title = "Demonyms and Compound Relational Nouns in Nominal Open {IE}",
    author = "Pal, Harinder  and
      {Mausam}",
    booktitle = "Proceedings of the 5th Workshop on Automated Knowledge Base Construction",
    month = jun,
    year = "2016",
    address = "San Diego, CA",
    publisher = "Association for Computational Linguistics",
    url = "https://www.aclweb.org/anthology/W16-1307",
    doi = "10.18653/v1/W16-1307",
    pages = "35--39",
}

% OpenIE-5
@inproceedings{OpenIE-5b,
  author    = {Swarnadeep Saha and
               Mausam},
  title     = {Open Information Extraction from Conjunctive Sentences},
  booktitle = {Proceedings of the 27th International Conference on Computational
               Linguistics, {COLING} 2018, Santa Fe, New Mexico, USA, August 20-26,
               2018},
  pages     = {2288--2299},
  year      = {2018}
}

@inproceedings{OpenIE-5a,
    title = "Bootstrapping for Numerical Open {IE}",
    author = "Saha, Swarnadeep  and
      Pal, Harinder  and
      {Mausam}",
    booktitle = "Proceedings of the 55th Annual Meeting of the Association for Computational Linguistics (Volume 2: Short Papers)",
    month = jul,
    year = "2017",
    address = "Vancouver, Canada",
    publisher = "Association for Computational Linguistics",
    url = "https://www.aclweb.org/anthology/P17-2050",
    doi = "10.18653/v1/P17-2050",
    pages = "317--323"
}

% MinIE
@inproceedings{Minie,
  title={MinIE: Minimizing Facts in Open Information Extraction},
  author={Gashteovski, Kiril and Gemulla, Rainer and Del Corro, Luciano},
  booktitle={Proceedings of the 2017 Conference on Empirical Methods in Natural Language Processing},
  pages={2630--2640},
  year={2017}
}

% RnnOIE
@InProceedings{Rnnoie,
  author    = {Gabriel Stanovsky and Julian Michael and Luke Zettlemoyer and Ido Dagan},
  title     = {Supervised Open Information Extraction},
  booktitle = {Proceedings of The 16th Annual Conference of the North American Chapter of the Association for Computational Linguistics: Human Language Technologies (NAACL HLT)},
  month     = {June},
  year      = {2018},
  address   = {New Orleans, Louisiana},
  publisher = {Association for Computational Linguistics},
  pages     = {(to appear)},
}

% Copy Attention Model
@inproceedings{cui&al18,
  title={Neural open information extraction},
  author={Cui, Lei and Wei, Furu and Zhou, Ming},
  booktitle={Proceedings of Association for Computational Linguistics ({ACL}), 2018},
  pages={407--413},	
  year={2018},
  booktitle={Association for Computational Linguistics ({ACL}), 2018}
}

% IMoJIE
@inproceedings{kolluru&al20,
    title = {{IM}o{JIE}: {I}terative {M}emory-{B}ased {J}oint {O}pen {I}nformation {E}xtraction},
    author = {Kolluru, Keshav  and
      Aggarwal, Samarth  and
      Rathore, Vipul and
      Mausam and
      Chakrabarti, Soumen},
    booktitle = {The 58th Annual Meeting of the Association for Computational Linguistics (ACL)},
    month = {July},
    year = {2020},
    address = {Seattle, U.S.A}
}

%%%%%%%%%%%%%%%%%%%%%%%%%%%%%%%%%%%%%%%%%%%%%%%%%%%%%%%%%%%%
% OpenIE Benchmarks
%%%%%%%%%%%%%%%%%%%%%%%%%%%%%%%%%%%%%%%%%%%%%%%%%%%%%%%%%%%%
% Wire57
@article{Wire57,
  author    = {William L{\'{e}}chelle and
               Fabrizio Gotti and
               Philippe Langlais},
  title     = {WiRe57 : {A} Fine-Grained Benchmark for Open Information Extraction},
  journal   = {CoRR},
  volume    = {abs/1809.08962},
  year      = {2018},
  url       = {http://arxiv.org/abs/1809.08962},
  archivePrefix = {arXiv},
  eprint    = {1809.08962},
  timestamp = {Fri, 05 Oct 2018 11:34:52 +0200},
  biburl    = {https://dblp.org/rec/bib/journals/corr/abs-1809-08962},
  bibsource = {dblp computer science bibliography, https://dblp.org}
}

% RelVis
@article{Relvis,
  author    = {Rudolf Schneider and
               Tom Oberhauser and
               Tobias Klatt and
               Felix A. Gers and
               Alexander L{\"{o}}ser},
  title     = {Analysing Errors of Open Information Extraction Systems},
  journal   = {CoRR},
  volume    = {abs/1707.07499},
  year      = {2017},
  url       = {http://arxiv.org/abs/1707.07499},
  archivePrefix = {arXiv},
  eprint    = {1707.07499},
  timestamp = {Mon, 13 Aug 2018 16:47:02 +0200},
  biburl    = {https://dblp.org/rec/bib/journals/corr/SchneiderOKGL17},
  bibsource = {dblp computer science bibliography, https://dblp.org}
}

% OIE2016
@InProceedings{OIE2016,
  author    = {Gabriel Stanovsky and Ido Dagan},
  title     = {Creating a Large Benchmark for Open Information Extraction},
  booktitle = {Proceedings of the 2016 Conference on Empirical Methods in Natural Language Processing (EMNLP)},
  month     = {November},
  year      = {2016},
  address   = {Austin, Texas},
  publisher = {Association for Computational Linguistics},
  pages     = {(to appear)},
}

% CaRB
@inproceedings{bhardwaj&al19,
  title={Ca{RB}: {A} {C}rowdsourced {B}enchmark for {O}pen{IE}},
  author={Bhardwaj, Sangnie and Aggarwal, Samarth and Mausam},
  booktitle={Proceedings of the 2019 Conference on Empirical Methods in Natural Language Processing and the 9th International Joint Conference on Natural Language Processing (EMNLP-IJCNLP), 2019},
  pages={6263--6268},
  year={2019}
}

%%%%%%%%%%%%%%%%%%%%%%%%%%%%%%%%%%%%%%%%%%%%%%%%%%%%%%%%%%%%
% OTHER REFERENCES
%%%%%%%%%%%%%%%%%%%%%%%%%%%%%%%%%%%%%%%%%%%%%%%%%%%%%%%%%%%%

@inproceedings{embedding,
  author    = {Gabriel Stanovsky and
               Ido Dagan and
               Mausam},
  title     = {Open {IE} as an Intermediate Structure for Semantic Tasks},
  booktitle = {Proceedings of the 53rd Annual Meeting of the Association for Computational
               Linguistics and the 7th International Joint Conference on Natural
               Language Processing of the Asian Federation of Natural Language Processing,
               {ACL} 2015, July 26-31, 2015, Beijing, China, Volume 2: Short Papers},
  pages     = {303--308},
  year      = {2015}
}

@inproceedings{QA-SRL,
  author    = {Luheng He and
               Mike Lewis and
               Luke Zettlemoyer},
  title     = {Question-Answer Driven Semantic Role Labeling: Using Natural Language
               to Annotate Natural Language},
  booktitle = {Proceedings of the 2015 Conference on Empirical Methods in Natural
               Language Processing, {EMNLP} 2015, Lisbon, Portugal, September 17-21,
               2015},
  pages     = {643--653},
  year      = {2015}
}

% Mausam16
@inproceedings{survey,
 author = {Mausam},
 title = {Open Information Extraction Systems and Downstream Applications},
 booktitle = {Proceedings of the Twenty-Fifth International Joint Conference on Artificial Intelligence},
 series = {IJCAI'16},
 year = {2016},
 isbn = {978-1-57735-770-4},
 location = {New York, New York, USA},
 pages = {4074--4077},
 numpages = {4},
 url = {http://dl.acm.org/citation.cfm?id=3061053.3061220},
 acmid = {3061220},
 publisher = {AAAI Press},
}

@article{Nst,
  author    = {Shengbin Jia and
               Yang Xiang and
               Xiaojun Chen},
  title     = {Supervised Neural Models Revitalize the Open Relation Extraction},
  journal   = {CoRR},
  volume    = {abs/1809.09408},
  year      = {2018},
  url       = {http://arxiv.org/abs/1809.09408},
  archivePrefix = {arXiv},
  eprint    = {1809.09408},
  timestamp = {Fri, 05 Oct 2018 11:34:52 +0200},
  biburl    = {https://dblp.org/rec/bib/journals/corr/abs-1809-09408},
  bibsource = {dblp computer science bibliography, https://dblp.org}
}

